<?xml version="1.0" encoding="UTF-8"?><collection xmlns="http://www.loc.gov/MARC21/slim"><record><leader>00583nam--2200193-u-4500</leader><controlfield tag="001">000053356</controlfield><controlfield tag="002">20161230</controlfield><controlfield tag="005">20161230201051</controlfield><controlfield tag="008">110315s1000------------r-----000-0-eng-d</controlfield><datafield ind1=" " ind2=" " tag="040"><subfield code="a">IFIN-HH</subfield></datafield><datafield ind1=" " ind2=" " tag="080"><subfield code="a">537.226.4:54.31</subfield></datafield><datafield ind1="1" ind2=" " tag="100"><subfield code="a">Rabe, K</subfield></datafield><datafield ind1="1" ind2="0" tag="245"><subfield code="a">Topics in applied physics. vol. 105. physics of ferroelectrics. a modern perspective</subfield><subfield code="c">K. rabe, ch.h. ahn, j.-m. triscone (eds.)</subfield></datafield><datafield ind1=" " ind2=" " tag="260"><subfield code="a">Berlin</subfield><subfield code="b">Springer</subfield><subfield code="c">2007</subfield></datafield><datafield ind1=" " ind2=" " tag="300"><subfield code="a">XII+388P</subfield></datafield><datafield ind1=" " ind2=" " tag="490"><subfield code="a">Topics In Applied Physics, 105</subfield></datafield><datafield ind1="1" ind2=" " tag="700"><subfield code="a">Triscone, J.-m</subfield><subfield code="e">Ed</subfield></datafield><datafield ind1=" " ind2=" " tag="852"><subfield code="a">40951</subfield><subfield code="c">53</subfield></datafield><datafield ind1=" " ind2=" " tag="CAT"><subfield code="a">Sys</subfield><subfield code="c">20150318</subfield><subfield code="h">130054</subfield></datafield></record></collection>